<?xml version="1.0" encoding="UTF-8"?><record xmlns="http://www.loc.gov/MARC21/slim" xmlns:cinclude="http://apache.org/cocoon/include/1.0" xmlns:zs="http://www.loc.gov/zing/srw/">
  <leader>00368nz  a2200121n  4500</leader>
  <controlfield tag="001">n  87842190 </controlfield>
  <controlfield tag="003">DLC</controlfield>
  <controlfield tag="005">19880512060305.6</controlfield>
  <controlfield tag="008">880331n| acannaab|          |n aaa ||| c</controlfield>
  <datafield tag="010" ind1=" " ind2=" ">
    <subfield code="a">n  87842190 </subfield>
  </datafield>
  <datafield tag="040" ind1=" " ind2=" ">
    <subfield code="a">InU</subfield>
    <subfield code="c">DLC</subfield>
  </datafield>
  <datafield tag="100" ind1="1" ind2="0">
    <subfield code="a">Gaucher, E.</subfield>
  </datafield>
  <datafield tag="670" ind1=" " ind2=" ">
    <subfield code="a">Author's Echantillonnages des travaux d'exploration minieĚre de 200 cantons de l'Abitibi-Nord, 1972:</subfield>
    <subfield code="b">t.p. (E. Gaucher)</subfield>
  </datafield>
</record>